@ARTICLE{vestnikVGAVT2,
  author = {Кочеганов, В.М. and Зорин, А.В.},
  title = {Достаточное условие существования стационарного режима низкоприоритетной очереди в тандеме систем массового обслуживания},
  journal = {Вестник Волжской государственной академии водного транспорта},
  year = {2017},
  number = {50},
  pages = {47--55},
  language = {russian},
}



@ARTICLE{vestnikTvGU,
  author = {Кочеганов, В.М. and Зорин, А.В.},
  title = { Достаточное условие существования стационарного режима очередей первичных требований в тандеме систем массового обслуживания},
  journal = {Вестник ТвГУ. Серия: Прикладная математика},
  year = {2018},
  number = {2},
  pages = {49--74},
  language = {russian},
}

@ARTICLE{UBS,
  author = {Кочеганов, В.М. and Зорин, А.В.},
  title = {Статистический анализ и оптимизация тандема
систем массового обслуживания в классе циклических алгоритмов с продлением},
  journal = {Управление Большими Системами: сборник трудов},
  year = {2019},
  number = {78},
  pages = {122--148},
  language = {russian},
}




















